<record xmlns="http://www.loc.gov/MARC21/slim" xmlns:xsi="http://www.w3.org/2001/XMLSchema-instance" xsi:schemaLocation="http://www.loc.gov/MARC21/slim http://www.loc.gov/standards/marcxml/schema/MARC21slim.xsd"><leader>     nam a22        4500</leader><controlfield tag="001">002265570</controlfield><controlfield tag="003">NNU</controlfield><controlfield tag="006">m        d        </controlfield><controlfield tag="007">cr cn |||m|||a</controlfield><controlfield tag="008">150313m19061931ua ch   o     000 0 arar </controlfield><datafield ind1=" " ind2=" " tag="040"><subfield code="a">NNU</subfield><subfield code="b">eng</subfield><subfield code="c">NNU</subfield></datafield><datafield ind1=" " ind2="0" tag="050"><subfield code="a">BP80.M8</subfield><subfield code="b">M8</subfield></datafield><datafield ind1=" " ind2=" " tag="066"><subfield code="c">(3</subfield></datafield><datafield ind1=" " ind2=" " tag="090"><subfield code="a">BP80.M8</subfield><subfield code="b">M8</subfield></datafield><datafield ind1="0" ind2=" " tag="100"><subfield code="6">880-01</subfield><subfield code="a">Mu&#7717;ammad Rash&#299;d Ri&#7693;&#257;</subfield></datafield><datafield ind1="1" ind2="0" tag="245"><subfield code="6">880-02</subfield><subfield code="a">Ta&#700;r&#299;kh al-ust&#257;dh al-im&#257;m al-shaykh Muhammad &#699;Abduh</subfield><subfield code="h">[electronic resource] /</subfield><subfield code="c">ta&#700;l&#299;f Mu&#7717;ammad Rash&#299;d Ri&#7693;&#257;.</subfield></datafield><datafield ind1=" " ind2=" " tag="260"><subfield code="6">880-03</subfield><subfield code="a">Mi&#7779;r :</subfield><subfield code="b">Ma&#7789;ba&#699;at al-Man&#257;r,</subfield><subfield code="c">1324-1350 [1906 or 07-1931]</subfield></datafield><datafield ind1=" " ind2=" " tag="300"><subfield code="a">online resource (3 v. in 4) :</subfield><subfield code="b">ports., facsims.</subfield></datafield><datafield ind1=" " ind2=" " tag="500"><subfield code="a">Part of the Arabic Collections Online (ACO) project, contributed by New York Univeristy Libraries.</subfield></datafield><datafield ind1=" " ind2=" " tag="533"><subfield code="a">Electronic reproduction.</subfield><subfield code="b">New York, N.Y. :</subfield><subfield code="c">New York University,</subfield><subfield code="d">2015.</subfield><subfield code="5">NNU</subfield></datafield><datafield ind1="0" ind2="0" tag="600"><subfield code="a">Mu&#7717;ammad &#699;Abduh,</subfield><subfield code="d">1849-1905.</subfield></datafield><datafield ind1="1" ind2="0" tag="600"><subfield code="a">Afgh&#257;n&#299;, Jam&#257;l al-D&#299;n,</subfield><subfield code="d">1838-1897.</subfield></datafield><datafield ind1="2" ind2=" " tag="710"><subfield code="a">New York University.</subfield><subfield code="b">Libraries.</subfield></datafield><datafield ind1="0" ind2=" " tag="730"><subfield code="a">Arabic Collections Online.</subfield></datafield><datafield ind1="0" ind2="8" tag="776"><subfield code="i">Print version:</subfield><subfield code="a">Mu&#7717;ammad Rash&#299;d Ri&#7693;&#257; 880-01</subfield><subfield code="t">Ta&#700;r&#299;kh al-ust&#257;dh al-im&#257;m al-shaykh Muhammad &#699;Abduh</subfield><subfield code="w">(NNU)002265570</subfield><subfield code="w">(DLC)59050951</subfield></datafield><datafield ind1="4" ind2="0" tag="856"><subfield code="u">http://hdl.handle.net/2333.1/mgqnkcqn</subfield></datafield><datafield ind1="0" ind2=" " tag="880"><subfield code="6">100-01/</subfield><subfield code="a">&#1605;&#1581;&#1605;&#1583; &#1585;&#1588;&#1610;&#1583; &#1585;&#1590;&#1575;.</subfield></datafield><datafield ind1="1" ind2="0" tag="880"><subfield code="6">245-02/</subfield><subfield code="a">&#1578;&#1571;&#1585;&#1610;&#1582; &#1575;&#1604;&#1575;&#1587;&#1578;&#1575;&#1584; &#1575;&#1604;&#1575;&#1605;&#1575;&#1605; &#1575;&#1604;&#1588;&#1610;&#1582; &#1605;&#1581;&#1605;&#1583; &#1593;&#1576;&#1583;&#1607; /</subfield><subfield code="c">&#1578;&#1571;&#1604;&#1610;&#1601; &#1605;&#1581;&#1605;&#1583; &#1585;&#1588;&#1610;&#1583; &#1585;&#1590;&#1575;.</subfield></datafield><datafield ind1=" " ind2=" " tag="880"><subfield code="6">260-03/</subfield><subfield code="a">&#1605;&#1589;&#1585; :</subfield><subfield code="b">&#1605;&#1591;&#1576;&#1593;&#1577; &#1575;&#1604;&#1605;&#1606;&#1575;&#1585;&#1548;</subfield><subfield code="c">&#1633;&#1635;&#1634;&#1636;-&#1633;&#1635;&#1637;&#1632;.</subfield></datafield><datafield ind1=" " ind2=" " tag="959"><subfield code="a">NNU</subfield><subfield code="b">WEB</subfield><subfield code="c">GENI</subfield><subfield code="t">0</subfield><subfield code="m">Electronic access</subfield><subfield code="s">01</subfield></datafield><datafield ind1=" " ind2=" " tag="999"><subfield code="i">NNU_002265570</subfield><subfield code="s">nyu_aco000637</subfield></datafield></record>